
\newcommand\aj{\ref@jnl{AJ}}%        % Astronomical Journal 
\newcommand\araa{\ref@jnl{ARA\&A}}%  % Annual Review of Astron and Astrophys 
\renewcommand\apj{\ref@jnl{ApJ}}%    % Astrophysical Journal 
\newcommand\apjl{\ref@jnl{ApJ}}%     % Astrophysical Journal, Letters 
\newcommand\apjs{\ref@jnl{ApJS}}%    % Astrophysical Journal, Supplement 
\renewcommand\ao{\ref@jnl{Appl.~Opt.}}%   % Applied Optics 
\newcommand\apss{\ref@jnl{Ap\&SS}}%  % Astrophysics and Space Science 
\newcommand\aap{\ref@jnl{A\&A}}%     % Astronomy and Astrophysics 
\newcommand\aapr{\ref@jnl{A\&A~Rev.}}%  % Astronomy and Astrophysics Reviews 
\newcommand\aaps{\ref@jnl{A\&AS}}%    % Astronomy and Astrophysics, Supplement 
\newcommand\azh{\ref@jnl{AZh}}%       % Astronomicheskii Zhurnal 
\newcommand\baas{\ref@jnl{BAAS}}%     % Bulletin of the AAS 
\newcommand\icarus{\ref@jnl{Icarus}}% % Icarus
\newcommand\jrasc{\ref@jnl{JRASC}}%   % Journal of the RAS of Canada 
\newcommand\memras{\ref@jnl{MmRAS}}%  % Memoirs of the RAS 
\newcommand\mnras{\ref@jnl{MNRAS}}%   % Monthly Notices of the RAS 
\renewcommand\pra{\ref@jnl{Phys.~Rev.~A}}% % Physical Review A: General Physics 
\renewcommand\prb{\ref@jnl{Phys.~Rev.~B}}% % Physical Review B: Solid State 
\renewcommand\prc{\ref@jnl{Phys.~Rev.~C}}% % Physical Review C 
\renewcommand\prd{\ref@jnl{Phys.~Rev.~D}}% % Physical Review D 
\renewcommand\pre{\ref@jnl{Phys.~Rev.~E}}% % Physical Review E 
\renewcommand\prl{\ref@jnl{Phys.~Rev.~Lett.}}% % Physical Review Letters 
\newcommand\pasp{\ref@jnl{PASP}}%     % Publications of the ASP 
\newcommand\pasj{\ref@jnl{PASJ}}%     % Publications of the ASJ 
\newcommand\qjras{\ref@jnl{QJRAS}}%   % Quarterly Journal of the RAS 
\newcommand\skytel{\ref@jnl{S\&T}}%   % Sky and Telescope 
\newcommand\solphys{\ref@jnl{Sol.~Phys.}}% % Solar Physics 
\newcommand\sovast{\ref@jnl{Soviet~Ast.}}% % Soviet Astronomy 
\newcommand\ssr{\ref@jnl{Space~Sci.~Rev.}}% % Space Science Reviews 
\newcommand\zap{\ref@jnl{ZAp}}%       % Zeitschrift fuer Astrophysik 
\renewcommand\nat{\ref@jnl{Nature}}%  % Nature 
\newcommand\iaucirc{\ref@jnl{IAU~Circ.}}% % IAU Cirulars 
\newcommand\aplett{\ref@jnl{Astrophys.~Lett.}}%  % Astrophysics Letters 
\newcommand\apspr{\ref@jnl{Astrophys.~Space~Phys.~Res.}}% % Astrophysics Space Physics Research 
\newcommand\bain{\ref@jnl{Bull.~Astron.~Inst.~Netherlands}}% % Bulletin Astronomical Institute of the Netherlands 
\newcommand\fcp{\ref@jnl{Fund.~Cosmic~Phys.}}%   % Fundamental Cosmic Physics 
\newcommand\gca{\ref@jnl{Geochim.~Cosmochim.~Acta}}% % Geochimica Cosmochimica Acta 
\newcommand\grl{\ref@jnl{Geophys.~Res.~Lett.}}%  % Geophysics Research Letters 
\renewcommand\jcp{\ref@jnl{J.~Chem.~Phys.}}%     % Journal of Chemical Physics 
\newcommand\jgr{\ref@jnl{J.~Geophys.~Res.}}%     % Journal of Geophysics Research 
\newcommand\jqsrt{\ref@jnl{J.~Quant.~Spec.~Radiat.~Transf.}}%   % Journal of Quantitiative Spectroscopy and Radiative Trasfer 
\newcommand\memsai{\ref@jnl{Mem.~Soc.~Astron.~Italiana}}% % Mem. Societa Astronomica Italiana 
\newcommand\nphysa{\ref@jnl{Nucl.~Phys.~A}}%     % Nuclear Physics A 
\newcommand\physrep{\ref@jnl{Phys.~Rep.}}%       % Physics Reports 
\newcommand\physscr{\ref@jnl{Phys.~Scr}}%        % Physica Scripta 
\newcommand\planss{\ref@jnl{Planet.~Space~Sci.}}%  % Planetary Space Science 
\newcommand\procspie{\ref@jnl{Proc.~SPIE}}%      % Proceedings of the SPIE 


% classic references for PBHs hypothesis
@ARTICLE{1966AZh....43..758Z,
   author = {{Zel'dovich}, Y.~B. and {Novikov}, I.~D.},
    title = "{The Hypothesis of Cores Retarded during Expansion and the Hot Cosmological Model}",
  journal = {\azh},
     year = 1966,
   volume = 43,
    pages = {758},
   adsurl = {http://adsabs.harvard.edu/abs/1966AZh....43..758Z},
  adsnote = {Provided by the SAO/NASA Astrophysics Data System}
}

@ARTICLE{1971MNRAS.152...75H,
   author = {{Hawking}, S.},
    title = "{Gravitationally collapsed objects of very low mass}",
  journal = {\mnras},
     year = 1971,
   volume = 152,
    pages = {75},
   adsurl = {http://adsabs.harvard.edu/abs/1971MNRAS.152...75H},
  adsnote = {Provided by the SAO/NASA Astrophysics Data System}
}

@article{Carr2016drx,
      author         = "Carr, Bernard and Kuhnel, Florian and Sandstad, Marit",
      title          = "{Primordial Black Holes as Dark Matter}",
      journal        = "Phys. Rev.",
      volume         = "D94",
      year           = "2016",
      number         = "8",
      pages          = "083504",
      doi            = "10.1103/PhysRevD.94.083504",
      eprint         = "1607.06077",
      archivePrefix  = "arXiv",
      primaryClass   = "astro-ph.CO",
      reportNumber   = "NORDITA-2016-83",
}


% Hawking area law
@ARTICLE{1971PhRvL..26.1344H,
   author = {{Hawking}, S.~W.},
    title = "{Gravitational Radiation from Colliding Black Holes}",
  journal = {Physical Review Letters},
     year = 1971,
    month = may,
   volume = 26,
    pages = {1344-1346},
      doi = {10.1103/PhysRevLett.26.1344},
   adsurl = {http://adsabs.harvard.edu/abs/1971PhRvL..26.1344H},
  adsnote = {Provided by the SAO/NASA Astrophysics Data System}
}

% black hole temperature from generalized second low of thermodynamics
@ARTICLE{1973PhRvD...7.2333B,
   author = {{Bekenstein}, J.~D.},
    title = "{Black Holes and Entropy}",
  journal = {\prd},
     year = 1973,
    month = apr,
   volume = 7,
    pages = {2333-2346},
      doi = {10.1103/PhysRevD.7.2333},
   adsurl = {http://adsabs.harvard.edu/abs/1973PhRvD...7.2333B},
  adsnote = {Provided by the SAO/NASA Astrophysics Data System}
}

@ARTICLE{1974PhRvD...9.3292B,
   author = {{Bekenstein}, J.~D.},
    title = "{Generalized second law of thermodynamics in black-hole physics}",
  journal = {\prd},
     year = 1974,
    month = jun,
   volume = 9,
    pages = {3292-3300},
      doi = {10.1103/PhysRevD.9.3292},
   adsurl = {http://adsabs.harvard.edu/abs/1974PhRvD...9.3292B},
  adsnote = {Provided by the SAO/NASA Astrophysics Data System}
}


@ARTICLE{1974Natur.248...30H,
   author = {{Hawking}, S.~W.},
    title = "{Black hole explosions?}",
  journal = {\nat},
     year = 1974,
    month = mar,
   volume = 248,
    pages = {30-31},
      doi = {10.1038/248030a0},
   adsurl = {http://adsabs.harvard.edu/abs/1974Natur.248...30H},
  adsnote = {Provided by the SAO/NASA Astrophysics Data System}
}


@ARTICLE{1975CMaPh..43..199H,
   author = {{Hawking}, S.~W.},
    title = "{Particle creation by black holes}",
  journal = {Communications in Mathematical Physics},
     year = 1975,
    month = aug,
   volume = 43,
    pages = {199-220},
      doi = {10.1007/BF02345020},
   adsurl = {http://adsabs.harvard.edu/abs/1975CMaPh..43..199H},
  adsnote = {Provided by the SAO/NASA Astrophysics Data System}
}


@ARTICLE{1976ApJ...206....1P,
   author = {{Page}, D.~N. and {Hawking}, S.~W.},
    title = "{Gamma rays from primordial black holes}",
  journal = {\apj},
 keywords = {BLACK HOLES (ASTRONOMY), GAMMA RAYS, HIGH ENERGY INTERACTIONS, PARTICLE EMISSION, RADIANT FLUX DENSITY, DIFFUSE RADIATION, QUANTUM THEORY, RELATIVISTIC THEORY, STELLAR MASS, UNIVERSE},
     year = 1976,
    month = may,
   volume = 206,
    pages = {1-7},
      doi = {10.1086/154350},
   adsurl = {http://adsabs.harvard.edu/abs/1976ApJ...206....1P},
  adsnote = {Provided by the SAO/NASA Astrophysics Data System}
}


@ARTICLE{1991Natur.353..807H,
   author = {{Halzen}, F. and {Zas}, E. and {MacGibbon}, J.~H. and {Weekes}, T.~C. },
    title = "{Gamma rays and energetic particles from primordial black holes}",
  journal = {\nat},
 keywords = {BLACK HOLES (ASTRONOMY), COSMIC RAYS, ENERGETIC PARTICLES, GAMMA RAY ASTRONOMY, FLUX (RATE), GRAVITATION, PHOTONS, QUANTUM MECHANICS, SPACE OBSERVATIONS (FROM EARTH)},
     year = 1991,
    month = oct,
   volume = 353,
    pages = {807-815},
      doi = {10.1038/353807a0},
   adsurl = {http://adsabs.harvard.edu/abs/1991Natur.353..807H},
  adsnote = {Provided by the SAO/NASA Astrophysics Data System}
}

% spectrum of gamma rays including hadronization
@ARTICLE{1990PhRvD..41.3052M,
   author = {{MacGibbon}, J.~H. and {Webber}, B.~R.},
    title = "{Quark- and gluon-jet emission from primordial black holes: The instantaneous spectra}",
  journal = {\prd},
     year = 1990,
    month = may,
   volume = 41,
    pages = {3052-3079},
      doi = {10.1103/PhysRevD.41.3052},
   adsurl = {http://adsabs.harvard.edu/abs/1990PhRvD..41.3052M},
  adsnote = {Provided by the SAO/NASA Astrophysics Data System}
}

% Bugaev et al papers

@ARTICLE{2008ICRC....3.1123B, 
   author = {{Bugaev}, E. and {Klimai}, P. and {Petkov}, V.},
    title = "{Photon spectra from final stages of a primordial black hole evaporation in different theoretical models}",
  journal = {International Cosmic Ray Conference},
archivePrefix = "arXiv",
   eprint = {0706.3778},
     year = 2008,
   volume = 3,
    pages = {1123-1126},
   adsurl = {http://adsabs.harvard.edu/abs/2008ICRC....3.1123B},
  adsnote = {Provided by the SAO/NASA Astrophysics Data System}
}

@ARTICLE{2008AstL...34..509P,
   author = {{Petkov}, V.~B. and {Bugaev}, E.~V. and {Klimai}, P.~A. and 
	{Andreev}, M.~V. and {Volchenko}, V.~I. and {Volchenko}, G.~V. and 
	{Gaponenko}, A.~N. and {Guliev}, Z.~S. and {Dzaparova}, I.~M. and 
	{Smirnov}, D.~V. and {Sergeev}, A.~V. and {Chernyaev}, A.~B. and 
	{Yanin}, A.~F.},
    title = "{Searching for very-high-energy gamma-ray bursts from evaporating primordial black holes}",
  journal = {Astronomy Letters},
archivePrefix = "arXiv",
   eprint = {0808.3093},
     year = 2008,
    month = aug,
   volume = 34,
    pages = {509-514},
      doi = {10.1134/S106377370808001X},
   adsurl = {http://adsabs.harvard.edu/abs/2008AstL...34..509P},
  adsnote = {Provided by the SAO/NASA Astrophysics Data System}
}



% Fermi instrument paper

@ARTICLE{2009ApJ...697.1071A,
   author = {{Atwood}, W.~B. and {Abdo}, A.~A. and {Ackermann}, M. and {Althouse}, W. and 
	{Anderson}, B. and {Axelsson}, M. and {Baldini}, L. and {Ballet}, J. and 
	{Band}, D.~L. and {Barbiellini}, G. and et al.},
    title = "{The Large Area Telescope on the Fermi Gamma-Ray Space Telescope Mission}",
  journal = {\apj},
archivePrefix = "arXiv",
   eprint = {0902.1089},
 primaryClass = "astro-ph.IM",
 keywords = {cosmic rays, galaxies: active, Galaxy: general, gamma rays: observations, Sun: X-rays, gamma rays, telescopes},
     year = 2009,
    month = jun,
   volume = 697,
    pages = {1071-1102},
      doi = {10.1088/0004-637X/697/2/1071},
   adsurl = {http://adsabs.harvard.edu/abs/2009ApJ...697.1071A},
  adsnote = {Provided by the SAO/NASA Astrophysics Data System}
}


% Fermi instrument paper (inflight calibration) P7v6 data used for the 1FHL

@ARTICLE{2012ApJS..203....4A,
   author = {{Ackermann}, M. and {Ajello}, M. and {Albert}, A. and {Allafort}, A. and 
	{Atwood}, W.~B. and {Axelsson}, M. and {Baldini}, L. and {Ballet}, J. and 
	{Barbiellini}, G. and {Bastieri}, D. and {Bechtol}, K. and {Bellazzini}, R. and 
	{Bissaldi}, E. and {Blandford}, R.~D. and {Bloom}, E.~D. and 
	{Bogart}, J.~R. and {Bonamente}, E. and {Borgland}, A.~W. and 
	{Bottacini}, E. and {Bouvier}, A. and {Brandt}, T.~J. and {Bregeon}, J. and 
	{Brigida}, M. and {Bruel}, P. and {Buehler}, R. and {Burnett}, T.~H. and 
	{Buson}, S. and {Caliandro}, G.~A. and {Cameron}, R.~A. and 
	{Caraveo}, P.~A. and {Casandjian}, J.~M. and {Cavazzuti}, E. and 
	{Cecchi}, C. and {{\c C}elik}, {\"O}. and {Charles}, E. and 
	{Chaves}, R.~C.~G. and {Chekhtman}, A. and {Cheung}, C.~C. and 
	{Chiang}, J. and {Ciprini}, S. and {Claus}, R. and {Cohen-Tanugi}, J. and 
	{Conrad}, J. and {Corbet}, R. and {Cutini}, S. and {D'Ammando}, F. and 
	{Davis}, D.~S. and {de Angelis}, A. and {DeKlotz}, M. and {de Palma}, F. and 
	{Dermer}, C.~D. and {Digel}, S.~W. and {Silva}, E.~d.~C.~e. and 
	{Drell}, P.~S. and {Drlica-Wagner}, A. and {Dubois}, R. and 
	{Favuzzi}, C. and {Fegan}, S.~J. and {Ferrara}, E.~C. and {Focke}, W.~B. and 
	{Fortin}, P. and {Fukazawa}, Y. and {Funk}, S. and {Fusco}, P. and 
	{Gargano}, F. and {Gasparrini}, D. and {Gehrels}, N. and {Giebels}, B. and 
	{Giglietto}, N. and {Giordano}, F. and {Giroletti}, M. and {Glanzman}, T. and 
	{Godfrey}, G. and {Grenier}, I.~A. and {Grove}, J.~E. and {Guiriec}, S. and 
	{Hadasch}, D. and {Hayashida}, M. and {Hays}, E. and {Horan}, D. and 
	{Hou}, X. and {Hughes}, R.~E. and {Jackson}, M.~S. and {Jogler}, T. and 
	{J{\'o}hannesson}, G. and {Johnson}, R.~P. and {Johnson}, T.~J. and 
	{Johnson}, W.~N. and {Kamae}, T. and {Katagiri}, H. and {Kataoka}, J. and 
	{Kerr}, M. and {Kn{\"o}dlseder}, J. and {Kuss}, M. and {Lande}, J. and 
	{Larsson}, S. and {Latronico}, L. and {Lavalley}, C. and {Lemoine-Goumard}, M. and 
	{Longo}, F. and {Loparco}, F. and {Lott}, B. and {Lovellette}, M.~N. and 
	{Lubrano}, P. and {Mazziotta}, M.~N. and {McConville}, W. and 
	{McEnery}, J.~E. and {Mehault}, J. and {Michelson}, P.~F. and 
	{Mitthumsiri}, W. and {Mizuno}, T. and {Moiseev}, A.~A. and 
	{Monte}, C. and {Monzani}, M.~E. and {Morselli}, A. and {Moskalenko}, I.~V. and 
	{Murgia}, S. and {Naumann-Godo}, M. and {Nemmen}, R. and {Nishino}, S. and 
	{Norris}, J.~P. and {Nuss}, E. and {Ohno}, M. and {Ohsugi}, T. and 
	{Okumura}, A. and {Omodei}, N. and {Orienti}, M. and {Orlando}, E. and 
	{Ormes}, J.~F. and {Paneque}, D. and {Panetta}, J.~H. and {Perkins}, J.~S. and 
	{Pesce-Rollins}, M. and {Pierbattista}, M. and {Piron}, F. and 
	{Pivato}, G. and {Porter}, T.~A. and {Racusin}, J.~L. and {Rain{\`o}}, S. and 
	{Rando}, R. and {Razzano}, M. and {Razzaque}, S. and {Reimer}, A. and 
	{Reimer}, O. and {Reposeur}, T. and {Reyes}, L.~C. and {Ritz}, S. and 
	{Rochester}, L.~S. and {Romoli}, C. and {Roth}, M. and {Sadrozinski}, H.~F.-W. and 
	{Sanchez}, D.~A. and {Saz Parkinson}, P.~M. and {Sbarra}, C. and 
	{Scargle}, J.~D. and {Sgr{\`o}}, C. and {Siegal-Gaskins}, J. and 
	{Siskind}, E.~J. and {Spandre}, G. and {Spinelli}, P. and {Stephens}, T.~E. and 
	{Suson}, D.~J. and {Tajima}, H. and {Takahashi}, H. and {Tanaka}, T. and 
	{Thayer}, J.~G. and {Thayer}, J.~B. and {Thompson}, D.~J. and 
	{Tibaldo}, L. and {Tinivella}, M. and {Tosti}, G. and {Troja}, E. and 
	{Usher}, T.~L. and {Vandenbroucke}, J. and {Van Klaveren}, B. and 
	{Vasileiou}, V. and {Vianello}, G. and {Vitale}, V. and {Waite}, A.~P. and 
	{Wallace}, E. and {Winer}, B.~L. and {Wood}, D.~L. and {Wood}, K.~S. and 
	{Wood}, M. and {Yang}, Z. and {Zimmer}, S.},
    title = "{The Fermi Large Area Telescope on Orbit: Event Classification, Instrument Response Functions, and Calibration}",
  journal = {\apjs},
archivePrefix = "arXiv",
   eprint = {1206.1896},
 primaryClass = "astro-ph.IM",
 keywords = {instrumentation: detectors, instrumentation: miscellaneous, methods: data analysis, methods: observational, telescopes},
     year = 2012,
    month = nov,
   volume = 203,
      eid = {4},
    pages = {4},
      doi = {10.1088/0067-0049/203/1/4},
   adsurl = {http://adsabs.harvard.edu/abs/2012ApJS..203....4A},
  adsnote = {Provided by the SAO/NASA Astrophysics Data System}
}


% p7v15 - pass 7 reprocessed data paper, data used for 3FGL
@ARTICLE{2013arXiv1304.5456B,
   author = {{Bregeon}, J. and {Charles}, E. and {M.~Wood for the Fermi-LAT collaboration}
	},
    title = "{Fermi-LAT data reprocessed with updated calibration constants}",
  journal = {ArXiv:1304.5456},
archivePrefix = "arXiv",
   eprint = {1304.5456},
 primaryClass = "astro-ph.HE",
 keywords = {Astrophysics - High Energy Astrophysical Phenomena, Astrophysics - Instrumentation and Methods for Astrophysics},
     year = 2013,
    month = apr,
   adsurl = {http://adsabs.harvard.edu/abs/2013arXiv1304.5456B},
  adsnote = {Provided by the SAO/NASA Astrophysics Data System}
}

% healpix
@ARTICLE{2005ApJ...622..759G,
   author = {{G{\'o}rski}, K.~M. and {Hivon}, E. and {Banday}, A.~J. and 
	{Wandelt}, B.~D. and {Hansen}, F.~K. and {Reinecke}, M. and 
	{Bartelmann}, M.},
    title = "{HEALPix: A Framework for High-Resolution Discretization and Fast Analysis of Data Distributed on the Sphere}",
  journal = {\apj},
   eprint = {astro-ph/0409513},
 keywords = {Cosmology: Cosmic Microwave Background, Cosmology: Observations, Methods: Statistical},
     year = 2005,
    month = apr,
   volume = 622,
    pages = {759-771},
      doi = {10.1086/427976},
   adsurl = {http://adsabs.harvard.edu/abs/2005ApJ...622..759G},
  adsnote = {Provided by the SAO/NASA Astrophysics Data System}
}

% TOPCAT
@INPROCEEDINGS{2005ASPC..347...29T,
   author = {{Taylor}, M.~B.},
    title = "{TOPCAT {\amp} STIL: Starlink Table/VOTable Processing Software}",
booktitle = {Astronomical Data Analysis Software and Systems XIV},
     year = 2005,
   series = {Astronomical Society of the Pacific Conference Series},
   volume = 347,
   editor = {{Shopbell}, P. and {Britton}, M. and {Ebert}, R.},
    month = dec,
    pages = {29},
   adsurl = {http://adsabs.harvard.edu/abs/2005ASPC..347...29T},
  adsnote = {Provided by the SAO/NASA Astrophysics Data System}
}



% estimation of PBHs lifetime
@ARTICLE{1991PhRvD..44..376M,
   author = {{MacGibbon}, J.~H.},
    title = "{Quark- and gluon-jet emission from primordial black holes. II. The emission over the black-hole lifetime}",
  journal = {\prd},
     year = 1991,
    month = jul,
   volume = 44,
    pages = {376-392},
      doi = {10.1103/PhysRevD.44.376},
   adsurl = {http://adsabs.harvard.edu/abs/1991PhRvD..44..376M},
  adsnote = {Provided by the SAO/NASA Astrophysics Data System}
}

% classic paper with diffuse and burst spectrum
@ARTICLE{1991ApJ...371..447M,
   author = {{MacGibbon}, J.~H. and {Carr}, B.~J.},
    title = "{Cosmic rays from primordial black holes}",
  journal = {\apj},
 keywords = {Black Holes (Astronomy), Cosmic Rays, Elementary Particles, Gamma Rays, Protostars, Universe, Antiprotons, Compton Effect, Particle Emission, Photoionization, Positron Annihilation, Synchrotron Radiation},
     year = 1991,
    month = apr,
   volume = 371,
    pages = {447-469},
      doi = {10.1086/169909},
   adsurl = {http://adsabs.harvard.edu/abs/1991ApJ...371..447M},
  adsnote = {Provided by the SAO/NASA Astrophysics Data System}
}


@ARTICLE{1998PhR...307..141C,
   author = {{Carr}, B.~J. and {MacGibbon}, J.~H.},
    title = "{Cosmic rays from primordial black holes and constraints on the early universe.}",
  journal = {\physrep},
 keywords = {Black Holes: Evaporation, Black Holes: Cosmic Rays, Black Holes: Cosmology, Early Universe: Cosmic Rays},
     year = 1998,
    month = dec,
   volume = 307,
    pages = {141-154},
      doi = {10.1016/S0370-1573(98)00039-8},
   adsurl = {http://adsabs.harvard.edu/abs/1998PhR...307..141C},
  adsnote = {Provided by the SAO/NASA Astrophysics Data System}
}

% constraints on PBHs from the Galactic halo
@ARTICLE{2009A&A...502...37L,
   author = {{Lehoucq}, R. and {Cass{\'e}}, M. and {Casandjian}, J.-M. and 
	{Grenier}, I.},
    title = "{New constraints on the primordial black hole number density from Galactic {$\gamma$}-ray astronomy}",
  journal = {\aap},
archivePrefix = "arXiv",
   eprint = {0906.1648},
 primaryClass = "astro-ph.HE",
 keywords = {gamma rays: observations, Galaxy: center, cosmology: dark matter, gamma rays: theory, black hole physics},
     year = 2009,
    month = jul,
   volume = 502,
    pages = {37-43},
      doi = {10.1051/0004-6361/200911961},
   adsurl = {http://adsabs.harvard.edu/abs/2009A%26A...502...37L},
  adsnote = {Provided by the SAO/NASA Astrophysics Data System}
}


@ARTICLE{2003astro.ph..4528B,
   author = {{Barrau}, A. and {Boudoul}, G. and {Derome}, L.},
    title = "{An improved gamma-ray limit on the density of PBHs}",
  journal = {ArXiv Astrophysics e-prints},
   eprint = {astro-ph/0304528},
 keywords = {Astrophysics},
     year = 2003,
    month = apr,
   adsurl = {http://adsabs.harvard.edu/abs/2003astro.ph..4528B},
  adsnote = {Provided by the SAO/NASA Astrophysics Data System}
}


% Veritas limit
@ARTICLE{2012JPhCS.375e2024T,
   author = {{Te{\v s}i{\'c}}, G. and {VERITAS Collaboration}},
    title = "{Searching for primordial black holes with the VERITAS gamma-ray experiment}",
  journal = {Journal of Physics Conference Series},
     year = 2012,
    month = jul,
   volume = 375,
   number = 5,
      eid = {052024},
    pages = {052024},
      doi = {10.1088/1742-6596/375/1/052024},
   adsurl = {http://adsabs.harvard.edu/abs/2012JPhCS.375e2024T},
  adsnote = {Provided by the SAO/NASA Astrophysics Data System}
}


% HESS limits
@ARTICLE{2013arXiv1307.4898G,
   author = {{Glicenstein}, J. and {Barnacka}, A. and {Vivier}, M. and {Herr}, T. and 
	{for the H.~E.~S.~S.~Collaboration}},
    title = "{Limits on Primordial Black Hole evaporation with the H.E.S.S. array of Cherenkov telescopes}",
  journal = {ArXiv: 1307.4898},
archivePrefix = "arXiv",
   eprint = {1307.4898},
 primaryClass = "astro-ph.HE",
 keywords = {Astrophysics - High Energy Astrophysical Phenomena},
     year = 2013,
    month = jul,
   adsurl = {http://adsabs.harvard.edu/abs/2013arXiv1307.4898G},
  adsnote = {Provided by the SAO/NASA Astrophysics Data System}
}

% Milagro limits
@ARTICLE{2013arXiv1308.4912U,
   author = {{Ukwatta}, T.~U. and {Stump}, D. and {Linnemann}, J.~T. and 
	{Tollefson}, K. and {Vasileiou}, V. and {Sinnis}, G. and {MacGibbon}, J.~H.
	},
    title = "{Milagro Limits on the Rate-Density of Primordial Black Holes}",
  journal = {ArXiv:1308.4912},
archivePrefix = "arXiv",
   eprint = {1308.4912},
 primaryClass = "astro-ph.HE",
 keywords = {Astrophysics - High Energy Astrophysical Phenomena},
     year = 2013,
    month = aug,
   adsurl = {http://adsabs.harvard.edu/abs/2013arXiv1308.4912U},
  adsnote = {Provided by the SAO/NASA Astrophysics Data System}
}

# new Milagro limits
@ARTICLE{2015APh....64....4A,
   author = {{Abdo}, A.~A. and {Abeysekara}, A.~U. and {Alfaro}, R. and {Allen}, B.~T. and 
	{Alvarez}, C. and {{\'A}lvarez}, J.~D. and {Arceo}, R. and {Arteaga-Vel{\'a}zquez}, J.~C. and 
	{Aune}, T. and {Ayala Solares}, H.~A. and {Barber}, A.~S. and 
	{Baughman}, B.~M. and {Bautista-Elivar}, N. and {Becerra Gonzalez}, J. and 
	{Belmont}, E. and {BenZvi}, S.~Y. and {Berley}, D. and {Bonilla Rosales}, M. and 
	{Braun}, J. and {Caballero-Lopez}, R.~A. and {Caballero-Mora}, K.~S. and 
	{Carrami{\~n}ana}, A. and {Castillo}, M. and {Christopher}, G.~E. and 
	{Cotti}, U. and {Cotzomi}, J. and {de la Fuente}, E. and {De Le{\'o}n}, C. and 
	{DeYoung}, T. and {Diaz Hernandez}, R. and {Diaz-Cruz}, L. and 
	{D{\'{\i}}az-V{\'e}lez}, J.~C. and {Dingus}, B.~L. and {DuVernois}, M.~A. and 
	{Ellsworth}, R.~W. and {Fiorino}, D.~W. and {Fraija}, N. and 
	{Galindo}, A. and {Garfias}, F. and {Gonz{\'a}lez}, M.~M. and 
	{Goodman}, J.~A. and {Grabski}, V. and {Gussert}, M. and {Hampel-Arias}, Z. and 
	{Harding}, J.~P. and {Hays}, E. and {Hoffman}, C.~M. and {Hui}, C.~M. and 
	{H{\"u}ntemeyer}, P. and {Imran}, A. and {Iriarte}, A. and {Karn}, P. and 
	{Kieda}, D. and {Kolterman}, B.~E. and {Kunde}, G.~J. and {Lara}, A. and 
	{Lauer}, R.~J. and {Lee}, W.~H. and {Lennarz}, D. and {Le{\'o}n Vargas}, H. and 
	{Linares}, E.~C. and {Linnemann}, J.~T. and {Longo}, M. and 
	{Luna-GarcIa}, R. and {MacGibbon}, J.~H. and {Marinelli}, A. and 
	{Marinelli}, S.~S. and {Martinez}, H. and {Martinez}, O. and 
	{Mart{\'{\i}}nez-Castro}, J. and {Matthews}, J.~A.~J. and {McEnery}, J. and 
	{Mendoza Torres}, E. and {Mincer}, A.~I. and {Miranda-Romagnoli}, P. and 
	{Moreno}, E. and {Morgan}, T. and {Mostaf{\'a}}, M. and {Nellen}, L. and 
	{Nemethy}, P. and {Newbold}, M. and {Noriega-Papaqui}, R. and 
	{Oceguera-Becerra}, T. and {Patricelli}, B. and {Pelayo}, R. and 
	{P{\'e}rez-P{\'e}rez}, E.~G. and {Pretz}, J. and {Rivi{\`e}re}, C. and 
	{Rosa-Gonz{\'a}lez}, D. and {Ruiz-Velasco}, E. and {Ryan}, J. and 
	{Salazar}, H. and {Salesa}, F. and {Sandoval}, A. and {Saz Parkinson}, P.~M. and 
	{Schneider}, M. and {Silich}, S. and {Sinnis}, G. and {Smith}, A.~J. and 
	{Stump}, D. and {Sparks Woodle}, K. and {Springer}, R.~W. and 
	{Taboada}, I. and {Toale}, P.~A. and {Tollefson}, K. and {Torres}, I. and 
	{Ukwatta}, T.~N. and {Vasileiou}, V. and {Villase{\~n}or}, L. and 
	{Weisgarber}, T. and {Westerhoff}, S. and {Williams}, D.~A. and 
	{Wisher}, I.~G. and {Wood}, J. and {Yodh}, G.~B. and {Younk}, P.~W. and 
	{Zaborov}, D. and {Zepeda}, A. and {Zhou}, H.},
    title = "{Milagro limits and HAWC sensitivity for the rate-density of evaporating Primordial Black Holes}",
  journal = {Astroparticle Physics},
archivePrefix = "arXiv",
   eprint = {1407.1686},
 primaryClass = "astro-ph.HE",
 keywords = {Primordial Black Holes, HAWC, Milagro, Very High Energy Bursts},
     year = 2015,
    month = apr,
   volume = 64,
    pages = {4-12},
      doi = {10.1016/j.astropartphys.2014.10.007},
   adsurl = {http://adsabs.harvard.edu/abs/2015APh....64....4A},
  adsnote = {Provided by the SAO/NASA Astrophysics Data System}
}


% New HAWC limits
@ARTICLE{2016APh....80...90U,
   author = {{Ukwatta}, T.~N. and {Stump}, D.~R. and {Linnemann}, J.~T. and 
	{MacGibbon}, J.~H. and {Marinelli}, S.~S. and {Yapici}, T. and 
	{Tollefson}, K.},
    title = "{Primordial Black Holes: Observational characteristics of the final evaporation}",
  journal = {Astroparticle Physics},
archivePrefix = "arXiv",
   eprint = {1510.04372},
 primaryClass = "astro-ph.HE",
 keywords = {Primordial Black Holes, HAWC, Very high energy bursts, Gamma-ray bursts},
     year = 2016,
    month = jul,
   volume = 80,
    pages = {90-114},
      doi = {10.1016/j.astropartphys.2016.03.007},
   adsurl = {http://adsabs.harvard.edu/abs/2016APh....80...90U},
  adsnote = {Provided by the SAO/NASA Astrophysics Data System}
}


% Fermi sensitivity to bursts

@INPROCEEDINGS{2009AIPC.1133..440U,
   author = {{Ukwatta}, T.~N. and {MacGibbon}, J.~H. and {Parke}, W.~C. and 
	{Dhuga}, K.~S. and {Eskandarian}, A. and {Gehrels}, N. and {Maximon}, L. and 
	{Morris}, D.~C.},
    title = "{Spectral Lags of Gamma-Ray Bursts from Primordial Black Hole (PBH) Evaporations}",
 keywords = {gamma-ray sources, gamma-ray bursts, Galactic nuclei circumnuclear matter and bulges, Distances redshifts radial velocities, spatial distribution of galaxies},
booktitle = {American Institute of Physics Conference Series},
     year = 2009,
   series = {American Institute of Physics Conference Series},
   volume = 1133,
archivePrefix = "arXiv",
   eprint = {0901.0542},
 primaryClass = "astro-ph.HE",
   editor = {{Meegan}, C. and {Kouveliotou}, C. and {Gehrels}, N.},
    month = may,
    pages = {440-442},
      doi = {10.1063/1.3155947},
   adsurl = {http://adsabs.harvard.edu/abs/2009AIPC.1133..440U},
  adsnote = {Provided by the SAO/NASA Astrophysics Data System}
}

@ARTICLE{2010arXiv1003.4515U,
   author = {{Ukwatta}, T.~N. and {MacGibbon}, J.~H. and {Parke}, W.~C. and 
	{Dhuga}, K.~S. and {Rhodes}, S. and {Eskandarian}, A. and {Gehrels}, N. and 
	{Maximon}, L. and {Morris}, D.~C.},
    title = "{Sensitivity of the FERMI Detectors to Gamma-Ray Bursts from Evaporating Primordial Black Holes (PBHs)}",
  journal = {ArXiv e-prints},
archivePrefix = "arXiv",
   eprint = {1003.4515},
 primaryClass = "astro-ph.HE",
 keywords = {Astrophysics - High Energy Astrophysical Phenomena, General Relativity and Quantum Cosmology, High Energy Physics - Theory},
     year = 2010,
    month = mar,
   adsurl = {http://adsabs.harvard.edu/abs/2010arXiv1003.4515U},
  adsnote = {Provided by the SAO/NASA Astrophysics Data System}
}


% local DM density
@ARTICLE{2012ApJ...756...89B,
   author = {{Bovy}, J. and {Tremaine}, S.},
    title = "{On the Local Dark Matter Density}",
  journal = {\apj},
archivePrefix = "arXiv",
   eprint = {1205.4033},
 primaryClass = "astro-ph.GA",
 keywords = {Galaxy: disk, Galaxy: fundamental parameters, Galaxy: halo, Galaxy: kinematics and dynamics, Galaxy: structure, solar neighborhood},
     year = 2012,
    month = sep,
   volume = 756,
      eid = {89},
    pages = {89},
      doi = {10.1088/0004-637X/756/1/89},
   adsurl = {http://adsabs.harvard.edu/abs/2012ApJ...756...89B},
  adsnote = {Provided by the SAO/NASA Astrophysics Data System}
}

% Planck cosmology
@ARTICLE{2013arXiv1303.5076P,
   author = {{Planck Collaboration} and {Ade}, P.~A.~R. and {Aghanim}, N. and 
	{Armitage-Caplan}, C. and {Arnaud}, M. and {Ashdown}, M. and 
	{Atrio-Barandela}, F. and {Aumont}, J. and {Baccigalupi}, C. and 
	{Banday}, A.~J. and et al.},
    title = "{Planck 2013 results. XVI. Cosmological parameters}",
  journal = {ArXiv:1303.5076},
archivePrefix = "arXiv",
   eprint = {1303.5076},
 primaryClass = "astro-ph.CO",
 keywords = {Astrophysics - Cosmology and Extragalactic Astrophysics},
     year = 2013,
    month = mar,
   adsurl = {http://adsabs.harvard.edu/abs/2013arXiv1303.5076P},
  adsnote = {Provided by the SAO/NASA Astrophysics Data System}
}

% EGRET EGB, 1998
@ARTICLE{1998ApJ...494..523S,
   author = {{Sreekumar}, P. and {Bertsch}, D.~L. and {Dingus}, B.~L. and 
	{Esposito}, J.~A. and {Fichtel}, C.~E. and {Hartman}, R.~C. and 
	{Hunter}, S.~D. and {Kanbach}, G. and {Kniffen}, D.~A. and {Lin}, Y.~C. and 
	{Mayer-Hasselwander}, H.~A. and {Michelson}, P.~F. and {von Montigny}, C. and 
	{M{\"u}cke}, A. and {Mukherjee}, R. and {Nolan}, P.~L. and {Pohl}, M. and 
	{Reimer}, O. and {Schneid}, E. and {Stacy}, J.~G. and {Stecker}, F.~W. and 
	{Thompson}, D.~J. and {Willis}, T.~D.},
    title = "{EGRET Observations of the Extragalactic Gamma-Ray Emission}",
  journal = {\apj},
   eprint = {astro-ph/9709257},
 keywords = {COSMOLOGY: DIFFUSE RADIATION, GAMMA RAYS: OBSERVATIONS, SURVEYS, Cosmology: Diffuse Radiation, Gamma Rays: Observations, Surveys},
     year = 1998,
    month = feb,
   volume = 494,
    pages = {523-534},
      doi = {10.1086/305222},
   adsurl = {http://adsabs.harvard.edu/abs/1998ApJ...494..523S},
  adsnote = {Provided by the SAO/NASA Astrophysics Data System}
}


% Egret EGB, 2004
@ARTICLE{2004ApJ...613..956S,
   author = {{Strong}, A.~W. and {Moskalenko}, I.~V. and {Reimer}, O.},
    title = "{A New Determination of the Extragalactic Diffuse Gamma-Ray Background from EGRET Data}",
  journal = {\apj},
   eprint = {astro-ph/0405441},
 keywords = {ISM: Cosmic Rays, Cosmology: Diffuse Radiation, Diffusion, Gamma Rays: Observations, Gamma Rays: Theory, ISM: General},
     year = 2004,
    month = oct,
   volume = 613,
    pages = {956-961},
      doi = {10.1086/423196},
   adsurl = {http://adsabs.harvard.edu/abs/2004ApJ...613..956S},
  adsnote = {Provided by the SAO/NASA Astrophysics Data System}
}

% EGRET hagedorn limit
@ARTICLE{1994ApJ...434..557F,
   author = {{Fichtel}, C.~E. and {Bertsch}, D.~L. and {Dingus}, B.~L. and 
	{Esposito}, J.~A. and {Hartman}, R.~C. and {Hunter}, S.~D. and 
	{Kanbach}, G. and {Kniffen}, D.~A. and {Lin}, Y.~C. and {Mattox}, J.~R. and 
	{Mayer-Hasselwander}, H.~A. and {McDonald}, L. and {Michelson}, P.~F. and 
	{von Montigny}, C. and {Nolan}, P.~L. and {Schneid}, E.~J. and 
	{Sreekumar}, P. and {Thompson}, D.~J.},
    title = "{Search of the energetic gamma-ray experiment telescope (EGRET) data for high-energy gamma-ray microsecond bursts}",
  journal = {\apj},
 keywords = {Black Holes (Astronomy), Decay, Gamma Ray Astronomy, Gamma Ray Bursts, Quantum Mechanics, Gamma Ray Observatory, Gamma Ray Telescopes, Sas-2, Statistical Analysis},
     year = 1994,
    month = oct,
   volume = 434,
    pages = {557-559},
      doi = {10.1086/174758},
   adsurl = {http://adsabs.harvard.edu/abs/1994ApJ...434..557F},
  adsnote = {Provided by the SAO/NASA Astrophysics Data System}
}



@ARTICLE{1968NCimA..56.1027H,
   author = {{Hagedorn}, R.},
    title = "{Hadronic matter near the boiling point}",
  journal = {Nuovo Cimento A Serie},
     year = 1968,
    month = aug,
   volume = 56,
    pages = {1027-1057},
      doi = {10.1007/BF02751614},
   adsurl = {http://adsabs.harvard.edu/abs/1968NCimA..56.1027H},
  adsnote = {Provided by the SAO/NASA Astrophysics Data System}
}


%Fermi LAT 1 year
@ARTICLE{2010PhRvL.104j1101A,
   author = {{Abdo}, A.~A. and {Ackermann}, M. and {Ajello}, M. and {Atwood}, W.~B. and 
	{Baldini}, L. and {Ballet}, J. and {Barbiellini}, G. and {Bastieri}, D. and 
	{Baughman}, B.~M. and {Bechtol}, K. and {Bellazzini}, R. and 
	{Berenji}, B. and {Blandford}, R.~D. and {Bloom}, E.~D. and 
	{Bonamente}, E. and {Borgland}, A.~W. and {Bregeon}, J. and 
	{Brez}, A. and {Brigida}, M. and {Bruel}, P. and {Burnett}, T.~H. and 
	{Buson}, S. and {Caliandro}, G.~A. and {Cameron}, R.~A. and 
	{Caraveo}, P.~A. and {Casandjian}, J.~M. and {Cavazzuti}, E. and 
	{Cecchi}, C. and {{\c C}elik}, {\"O}. and {Charles}, E. and 
	{Chekhtman}, A. and {Cheung}, C.~C. and {Chiang}, J. and {Ciprini}, S. and 
	{Claus}, R. and {Cohen-Tanugi}, J. and {Cominsky}, L.~R. and 
	{Conrad}, J. and {Cutini}, S. and {Dermer}, C.~D. and {de Angelis}, A. and 
	{de Palma}, F. and {Digel}, S.~W. and {di Bernardo}, G. and 
	{do Couto e Silva}, E. and {Drell}, P.~S. and {Drlica-Wagner}, A. and 
	{Dubois}, R. and {Dumora}, D. and {Farnier}, C. and {Favuzzi}, C. and 
	{Fegan}, S.~J. and {Focke}, W.~B. and {Fortin}, P. and {Frailis}, M. and 
	{Fukazawa}, Y. and {Funk}, S. and {Fusco}, P. and {Gaggero}, D. and 
	{Gargano}, F. and {Gasparrini}, D. and {Gehrels}, N. and {Germani}, S. and 
	{Giebels}, B. and {Giglietto}, N. and {Giommi}, P. and {Giordano}, F. and 
	{Glanzman}, T. and {Godfrey}, G. and {Grenier}, I.~A. and {Grondin}, M.-H. and 
	{Grove}, J.~E. and {Guillemot}, L. and {Guiriec}, S. and {Gustafsson}, M. and 
	{Hanabata}, Y. and {Harding}, A.~K. and {Hayashida}, M. and 
	{Hughes}, R.~E. and {Itoh}, R. and {Jackson}, M.~S. and {J{\'o}hannesson}, G. and 
	{Johnson}, A.~S. and {Johnson}, R.~P. and {Johnson}, T.~J. and 
	{Johnson}, W.~N. and {Kamae}, T. and {Katagiri}, H. and {Kataoka}, J. and 
	{Kawai}, N. and {Kerr}, M. and {Kn{\"o}dlseder}, J. and {Kocian}, M.~L. and 
	{Kuehn}, F. and {Kuss}, M. and {Lande}, J. and {Latronico}, L. and 
	{Lemoine-Goumard}, M. and {Longo}, F. and {Loparco}, F. and 
	{Lott}, B. and {Lovellette}, M.~N. and {Lubrano}, P. and {Madejski}, G.~M. and 
	{Makeev}, A. and {Mazziotta}, M.~N. and {McConville}, W. and 
	{McEnery}, J.~E. and {Meurer}, C. and {Michelson}, P.~F. and 
	{Mitthumsiri}, W. and {Mizuno}, T. and {Moiseev}, A.~A. and 
	{Monte}, C. and {Monzani}, M.~E. and {Morselli}, A. and {Moskalenko}, I.~V. and 
	{Murgia}, S. and {Nolan}, P.~L. and {Norris}, J.~P. and {Nuss}, E. and 
	{Ohsugi}, T. and {Omodei}, N. and {Orlando}, E. and {Ormes}, J.~F. and 
	{Paneque}, D. and {Panetta}, J.~H. and {Parent}, D. and {Pelassa}, V. and 
	{Pepe}, M. and {Pesce-Rollins}, M. and {Piron}, F. and {Porter}, T.~A. and 
	{Rain{\`o}}, S. and {Rando}, R. and {Razzano}, M. and {Reimer}, A. and 
	{Reimer}, O. and {Reposeur}, T. and {Ritz}, S. and {Rochester}, L.~S. and 
	{Rodriguez}, A.~Y. and {Roth}, M. and {Ryde}, F. and {Sadrozinski}, H.~F.-W. and 
	{Sanchez}, D. and {Sander}, A. and {Parkinson}, P.~M.~S. and 
	{Scargle}, J.~D. and {Sellerholm}, A. and {Sgr{\`o}}, C. and 
	{Shaw}, M.~S. and {Siskind}, E.~J. and {Smith}, D.~A. and {Smith}, P.~D. and 
	{Spandre}, G. and {Spinelli}, P. and {Starck}, J.-L. and {Strickman}, M.~S. and 
	{Strong}, A.~W. and {Suson}, D.~J. and {Tajima}, H. and {Takahashi}, H. and 
	{Takahashi}, T. and {Tanaka}, T. and {Thayer}, J.~B. and {Thayer}, J.~G. and 
	{Thompson}, D.~J. and {Tibaldo}, L. and {Torres}, D.~F. and 
	{Tosti}, G. and {Tramacere}, A. and {Uchiyama}, Y. and {Usher}, T.~L. and 
	{Vasileiou}, V. and {Vilchez}, N. and {Vitale}, V. and {Waite}, A.~P. and 
	{Wang}, P. and {Winer}, B.~L. and {Wood}, K.~S. and {Ylinen}, T. and 
	{Ziegler}, M. and {Fermi LAT Collaboration}},
    title = "{Spectrum of the Isotropic Diffuse Gamma-Ray Emission Derived from First-Year Fermi Large Area Telescope Data}",
  journal = {Physical Review Letters},
archivePrefix = "arXiv",
   eprint = {1002.3603},
 primaryClass = "astro-ph.HE",
 keywords = {gamma-ray, Composition energy spectra and interactions, Cosmic rays},
     year = 2010,
    month = mar,
   volume = 104,
   number = 10,
      eid = {101101},
    pages = {101101},
      doi = {10.1103/PhysRevLett.104.101101},
   adsurl = {http://adsabs.harvard.edu/abs/2010PhRvL.104j1101A},
  adsnote = {Provided by the SAO/NASA Astrophysics Data System}
}

% Fermi LAT new
@ARTICLE{AckermanIGRB,
   author = {{Ackerman}, M. and others},
    title = "{Fermi LAT IGRB}",
    year = 2014,
  journal = {in preparation},
}

% delta-function PBH mass function
@ARTICLE{2010PhRvD..81j4019C,
   author = {{Carr}, B.~J. and {Kohri}, K. and {Sendouda}, Y. and {Yokoyama}, J.
	},
    title = "{New cosmological constraints on primordial black holes}",
  journal = {\prd},
archivePrefix = "arXiv",
   eprint = {0912.5297},
 primaryClass = "astro-ph.CO",
 keywords = {Quantum aspects of black holes evaporation thermodynamics, Dark matter, Black holes, Particle-theory and field-theory models of the early Universe},
     year = 2010,
    month = may,
   volume = 81,
   number = 10,
      eid = {104019},
    pages = {104019},
      doi = {10.1103/PhysRevD.81.104019},
   adsurl = {http://adsabs.harvard.edu/abs/2010PhRvD..81j4019C},
  adsnote = {Provided by the SAO/NASA Astrophysics Data System}
}


%%%%%%%%%%%%%%%%%%%%%%
% Applications of PBH limits

% Reviews
% Mentions chaotic inflation as an application of PBH limits
@ARTICLE{2010RAA....10..495K,
   author = {{Khlopov}, M.~Y.},
    title = "{Primordial black holes}",
  journal = {Research in Astronomy and Astrophysics},
archivePrefix = "arXiv",
   eprint = {0801.0116},
     year = 2010,
    month = jun,
   volume = 10,
    pages = {495-528},
      doi = {10.1088/1674-4527/10/6/001},
   adsurl = {http://adsabs.harvard.edu/abs/2010RAA....10..495K},
  adsnote = {Provided by the SAO/NASA Astrophysics Data System}
}


% a general review Carr:2005zd
@ARTICLE{2005astro.ph.11743C,
   author = {{Carr}, B.~J.},
    title = "{Primordial Black Holes: Do They Exist and Are They Useful?}",
  journal = {ArXiv Astrophysics e-prints},
   eprint = {astro-ph/0511743},
 keywords = {Astrophysics},
     year = 2005,
    month = nov,
   adsurl = {http://adsabs.harvard.edu/abs/2005astro.ph.11743C},
  adsnote = {Provided by the SAO/NASA Astrophysics Data System}
}

% limit on inflation from PBHs
@ARTICLE{2013PhRvD..87j3506L,
   author = {{Linde}, A. and {Mooij}, S. and {Pajer}, E.},
    title = "{Gauge field production in supergravity inflation: Local non-Gaussianity and primordial black holes}",
  journal = {\prd},
archivePrefix = "arXiv",
   eprint = {1212.1693},
 primaryClass = "hep-th",
 keywords = {Particle-theory and field-theory models of the early Universe, Supergravity, Observational cosmology, Quantum field theory in curved spacetime},
     year = 2013,
    month = may,
   volume = 87,
   number = 10,
      eid = {103506},
    pages = {103506},
      doi = {10.1103/PhysRevD.87.103506},
   adsurl = {http://adsabs.harvard.edu/abs/2013PhRvD..87j3506L},
  adsnote = {Provided by the SAO/NASA Astrophysics Data System}
}


% numerical computation of PBH limits on chaotic inflation
@INPROCEEDINGS{2013AIPC.1548..238T,
   author = {{Torres-Lomas}, E. and {Ure{\~n}a-L{\'o}pez}, L.~A.},
    title = "{Primordial black hole production during preheating in a chaotic inflationary model}",
 keywords = {black holes, chaos, cosmic acceleration, cosmology, Physics of black holes, Nonlinear dynamics and chaos, Black holes, Particle-theory and field-theory models of the early Universe},
booktitle = {American Institute of Physics Conference Series},
     year = 2013,
   series = {American Institute of Physics Conference Series},
   volume = 1548,
archivePrefix = "arXiv",
   eprint = {1308.1268},
 primaryClass = "astro-ph.CO",
   editor = {{Uren\~{}a-L{\'o}pez}, L.~A. and {Becerril-B{\'a}rcenas}, R. and 
	{Linares-Romero}, R.},
    month = jul,
    pages = {238-243},
      doi = {10.1063/1.4817051},
   adsurl = {http://adsabs.harvard.edu/abs/2013AIPC.1548..238T},
  adsnote = {Provided by the SAO/NASA Astrophysics Data System}
}

% a significant reduction in the number of allowed theories after PBHs constraints
@ARTICLE{2010PhRvD..82d7303J,
   author = {{Josan}, A.~S. and {Green}, A.~M.},
    title = "{Constraints from primordial black hole formation at the end of inflation}",
  journal = {\prd},
archivePrefix = "arXiv",
   eprint = {1004.5347},
 primaryClass = "hep-ph",
 keywords = {Particle-theory and field-theory models of the early Universe},
     year = 2010,
    month = aug,
   volume = 82,
   number = 4,
      eid = {047303},
    pages = {047303},
      doi = {10.1103/PhysRevD.82.047303},
   adsurl = {http://adsabs.harvard.edu/abs/2010PhRvD..82d7303J},
  adsnote = {Provided by the SAO/NASA Astrophysics Data System}
}


% skepticism towards the possibility to use PBHs to limit inflation
@ARTICLE{1997PhRvD..55.7423B,
   author = {{Bullock}, J.~S. and {Primack}, J.~R.},
    title = "{Non-Gaussian fluctuations and primordial black holes from inflation}",
  journal = {\prd},
   eprint = {astro-ph/9611106},
 keywords = {Particle-theory and field-theory models of the early Universe, Black holes, Background radiations},
     year = 1997,
    month = jun,
   volume = 55,
    pages = {7423-7439},
      doi = {10.1103/PhysRevD.55.7423},
   adsurl = {http://adsabs.harvard.edu/abs/1997PhRvD..55.7423B},
  adsnote = {Provided by the SAO/NASA Astrophysics Data System}
}


% 1FHL catalog
@ARTICLE{2013ApJS..209...34A,
   author = {{Ackermann}, M. and {Ajello}, M. and {Allafort}, A. and {Atwood}, W.~B. and 
	{Baldini}, L. and {Ballet}, J. and {Barbiellini}, G. and {Bastieri}, D. and 
	{Bechtol}, K. and {Belfiore}, A. and {Bellazzini}, R. and {Bernieri}, E. and 
	{Bissaldi}, E. and {Bloom}, E.~D. and {Bonamente}, E. and {Brandt}, T.~J. and 
	{Bregeon}, J. and {Brigida}, M. and {Bruel}, P. and {Buehler}, R. and 
	{Burnett}, T.~H. and {Buson}, S. and {Caliandro}, G.~A. and 
	{Cameron}, R.~A. and {Campana}, R. and {Caraveo}, P.~A. and 
	{Casandjian}, J.~M. and {Cavazzuti}, E. and {Cecchi}, C. and 
	{Charles}, E. and {Chaves}, R.~C.~G. and {Chekhtman}, A. and 
	{Cheung}, C.~C. and {Chiang}, J. and {Chiaro}, G. and {Ciprini}, S. and 
	{Claus}, R. and {Cohen-Tanugi}, J. and {Cominsky}, L.~R. and 
	{Conrad}, J. and {Cutini}, S. and {D'Ammando}, F. and {de Angelis}, A. and 
	{de Palma}, F. and {Dermer}, C.~D. and {Desiante}, R. and {Digel}, S.~W. and 
	{Di Venere}, L. and {Drell}, P.~S. and {Drlica-Wagner}, A. and 
	{Favuzzi}, C. and {Fegan}, S.~J. and {Ferrara}, E.~C. and {Focke}, W.~B. and 
	{Fortin}, P. and {Franckowiak}, A. and {Funk}, S. and {Fusco}, P. and 
	{Gargano}, F. and {Gasparrini}, D. and {Gehrels}, N. and {Germani}, S. and 
	{Giglietto}, N. and {Giommi}, P. and {Giordano}, F. and {Giroletti}, M. and 
	{Godfrey}, G. and {Gomez-Vargas}, G.~A. and {Grenier}, I.~A. and 
	{Guiriec}, S. and {Hadasch}, D. and {Hanabata}, Y. and {Harding}, A.~K. and 
	{Hayashida}, M. and {Hays}, E. and {Hewitt}, J. and {Hill}, A.~B. and 
	{Horan}, D. and {Hughes}, R.~E. and {Jogler}, T. and {J{\'o}hannesson}, G. and 
	{Johnson}, A.~S. and {Johnson}, T.~J. and {Johnson}, W.~N. and 
	{Kamae}, T. and {Kataoka}, J. and {Kawano}, T. and {Kn{\"o}dlseder}, J. and 
	{Kuss}, M. and {Lande}, J. and {Larsson}, S. and {Latronico}, L. and 
	{Lemoine-Goumard}, M. and {Longo}, F. and {Loparco}, F. and 
	{Lott}, B. and {Lovellette}, M.~N. and {Lubrano}, P. and {Massaro}, E. and 
	{Mayer}, M. and {Mazziotta}, M.~N. and {McEnery}, J.~E. and 
	{Mehault}, J. and {Michelson}, P.~F. and {Mizuno}, T. and {Moiseev}, A.~A. and 
	{Monzani}, M.~E. and {Morselli}, A. and {Moskalenko}, I.~V. and 
	{Murgia}, S. and {Nemmen}, R. and {Nuss}, E. and {Ohsugi}, T. and 
	{Okumura}, A. and {Orienti}, M. and {Ormes}, J.~F. and {Paneque}, D. and 
	{Perkins}, J.~S. and {Pesce-Rollins}, M. and {Piron}, F. and 
	{Pivato}, G. and {Porter}, T.~A. and {Rain{\`o}}, S. and {Razzano}, M. and 
	{Reimer}, A. and {Reimer}, O. and {Reposeur}, T. and {Ritz}, S. and 
	{Romani}, R.~W. and {Roth}, M. and {Saz Parkinson}, P.~M. and 
	{Schulz}, A. and {Sgr{\`o}}, C. and {Siskind}, E.~J. and {Smith}, D.~A. and 
	{Spandre}, G. and {Spinelli}, P. and {Stawarz}, {\L}. and {Strong}, A.~W. and 
	{Suson}, D.~J. and {Takahashi}, H. and {Thayer}, J.~G. and {Thayer}, J.~B. and 
	{Thompson}, D.~J. and {Tibaldo}, L. and {Tinivella}, M. and 
	{Torres}, D.~F. and {Tosti}, G. and {Troja}, E. and {Uchiyama}, Y. and 
	{Usher}, T.~L. and {Vandenbroucke}, J. and {Vasileiou}, V. and 
	{Vianello}, G. and {Vitale}, V. and {Werner}, M. and {Winer}, B.~L. and 
	{Wood}, K.~S. and {Wood}, M.},
    title = "{The First Fermi-LAT Catalog of Sources above 10 GeV}",
  journal = {\apjs},
archivePrefix = "arXiv",
   eprint = {1306.6772},
 primaryClass = "astro-ph.IM",
 keywords = {catalogs, gamma rays: general},
     year = 2013,
    month = dec,
   volume = 209,
      eid = {34},
    pages = {34},
      doi = {10.1088/0067-0049/209/2/34},
   adsurl = {http://adsabs.harvard.edu/abs/2013ApJS..209...34A},
  adsnote = {Provided by the SAO/NASA Astrophysics Data System}
}

% 3FGL
@ARTICLE{acero2015,
   author = {{Acero}, F. and {Ackermann}, M. and {Ajello}, M. and others},
    title = "{Fermi Large Area Telescope Third Source Catalog}",
  journal = {\apjs},
archivePrefix = "arXiv",
   eprint = {1501.02003},
 primaryClass = "astro-ph.HE",
 keywords = {catalogs, gamma rays: general},
     year = 2015,
    month = jun,
   volume = 218,
      eid = {23},
    pages = {23},
      doi = {10.1088/0067-0049/218/2/23},
   adsurl = {http://adsabs.harvard.edu/abs/2015ApJS..218...23A},
  adsnote = {Provided by the SAO/NASA Astrophysics Data System}
}



% rotational and DM dispersion velocities
% \citep{1999MNRAS.310..645W, 2008ApJ...684.1143X, 2009PASJ...61..227S, 2010ApJ...720L.108G, 2010MNRAS.402..934M, 2011MNRAS.414.2446M}
% large range of rotational velocities
@ARTICLE{2010MNRAS.402..934M,
   author = {{McMillan}, P.~J. and {Binney}, J.~J.},
    title = "{The uncertainty in Galactic parameters}",
  journal = {\mnras},
archivePrefix = "arXiv",
   eprint = {0907.4685},
 keywords = {methods: statistical, Galaxy: fundamental parameters, Galaxy: kinematics and dynamics},
     year = 2010,
    month = feb,
   volume = 402,
    pages = {934-940},
      doi = {10.1111/j.1365-2966.2009.15932.x},
   adsurl = {http://adsabs.harvard.edu/abs/2010MNRAS.402..934M},
  adsnote = {Provided by the SAO/NASA Astrophysics Data System}
}

% rotational velocity 239 km/s
@ARTICLE{2011MNRAS.414.2446M,
   author = {{McMillan}, P.~J.},
    title = "{Mass models of the Milky Way}",
  journal = {\mnras},
archivePrefix = "arXiv",
   eprint = {1102.4340},
 keywords = {methods: statistical, Galaxy: fundamental parameters, Galaxy: kinematics and dynamics},
     year = 2011,
    month = jul,
   volume = 414,
    pages = {2446-2457},
      doi = {10.1111/j.1365-2966.2011.18564.x},
   adsurl = {http://adsabs.harvard.edu/abs/2011MNRAS.414.2446M},
  adsnote = {Provided by the SAO/NASA Astrophysics Data System}
}

% rotational velocity of 193 km/s
@ARTICLE{2010ApJ...720L.108G,
   author = {{Gnedin}, O.~Y. and {Brown}, W.~R. and {Geller}, M.~J. and {Kenyon}, S.~J.
	},
    title = "{The Mass Profile of the Galaxy to 80 kpc}",
  journal = {\apjl},
archivePrefix = "arXiv",
   eprint = {1005.2619},
 primaryClass = "astro-ph.GA",
 keywords = {Galaxy: formation, Galaxy: halo, Galaxy: kinematics and dynamics},
     year = 2010,
    month = sep,
   volume = 720,
    pages = {L108-L112},
      doi = {10.1088/2041-8205/720/1/L108},
   adsurl = {http://adsabs.harvard.edu/abs/2010ApJ...720L.108G},
  adsnote = {Provided by the SAO/NASA Astrophysics Data System}
}

% earlier reference, large uncertainties on velocity from 160 km/s to 300 km/s
@ARTICLE{1999MNRAS.310..645W,
   author = {{Wilkinson}, M.~I. and {Evans}, N.~W.},
    title = "{The present and future mass of the Milky Way halo}",
  journal = {\mnras},
   eprint = {astro-ph/9906197},
 keywords = {GALAXY: FUNDAMENTAL PARAMETERS, GALAXY: HALO, GALAXY: KINEMATICS AND DYNAMICS},
     year = 1999,
    month = dec,
   volume = 310,
    pages = {645-662},
      doi = {10.1046/j.1365-8711.1999.02964.x},
   adsurl = {http://adsabs.harvard.edu/abs/1999MNRAS.310..645W},
  adsnote = {Provided by the SAO/NASA Astrophysics Data System}
}


@ARTICLE{2008ApJ...684.1143X,
   author = {{Xue}, X.~X. and {Rix}, H.~W. and {Zhao}, G. and {Re Fiorentin}, P. and 
	{Naab}, T. and {Steinmetz}, M. and {van den Bosch}, F.~C. and 
	{Beers}, T.~C. and {Lee}, Y.~S. and {Bell}, E.~F. and {Rockosi}, C. and 
	{Yanny}, B. and {Newberg}, H. and {Wilhelm}, R. and {Kang}, X. and 
	{Smith}, M.~C. and {Schneider}, D.~P.},
    title = "{The Milky Way's Circular Velocity Curve to 60 kpc and an Estimate of the Dark Matter Halo Mass from the Kinematics of \~{}2400 SDSS Blue Horizontal-Branch Stars}",
  journal = {\apj},
archivePrefix = "arXiv",
   eprint = {0801.1232},
 keywords = {dark matter, galaxies: individual: Milky Way, Galaxy: halo, stars: horizontal-branch, stars: kinematics},
     year = 2008,
    month = sep,
   volume = 684,
      eid = {1143-1158},
    pages = {1143-1158},
      doi = {10.1086/589500},
   adsurl = {http://adsabs.harvard.edu/abs/2008ApJ...684.1143X},
  adsnote = {Provided by the SAO/NASA Astrophysics Data System}
}

@ARTICLE{2009PASJ...61..227S,
   author = {{Sofue}, Y. and {Honma}, M. and {Omodaka}, T.},
    title = "{Unified Rotation Curve of the Galaxy -- Decomposition into de Vaucouleurs Bulge, Disk, Dark Halo, and the 9-kpc Rotation Dip --}",
  journal = {\pasj},
archivePrefix = "arXiv",
   eprint = {0811.0859},
 keywords = {Galaxy: bulge, Galaxy: disk, Galaxy: rotation curve, Galaxy: structure},
     year = 2009,
    month = feb,
   volume = 61,
    pages = {227-236},
      doi = {10.1093/pasj/61.2.227},
   adsurl = {http://adsabs.harvard.edu/abs/2009PASJ...61..227S},
  adsnote = {Provided by the SAO/NASA Astrophysics Data System}
}




% DM velocity dispersion
%\citep{2010JCAP...02..030K}
@ARTICLE{2010JCAP...02..030K,
   author = {{Kuhlen}, M. and {Weiner}, N. and {Diemand}, J. and {Madau}, P. and 
	{Moore}, B. and {Potter}, D. and {Stadel}, J. and {Zemp}, M.
	},
    title = "{Dark matter direct detection with non-Maxwellian velocity structure}",
  journal = {\jcap},
archivePrefix = "arXiv",
   eprint = {0912.2358},
     year = 2010,
    month = feb,
   volume = 2,
      eid = {030},
    pages = {030},
      doi = {10.1088/1475-7516/2010/02/030},
   adsurl = {http://adsabs.harvard.edu/abs/2010JCAP...02..030K},
  adsnote = {Provided by the SAO/NASA Astrophysics Data System}
}


%Hinshaw:2012aka, 
@ARTICLE{2013ApJS..208...19H,
   author = {{Hinshaw}, G. and {Larson}, D. and {Komatsu}, E. and {Spergel}, D.~N. and 
	{Bennett}, C.~L. and {Dunkley}, J. and {Nolta}, M.~R. and {Halpern}, M. and 
	{Hill}, R.~S. and {Odegard}, N. and {Page}, L. and {Smith}, K.~M. and 
	{Weiland}, J.~L. and {Gold}, B. and {Jarosik}, N. and {Kogut}, A. and 
	{Limon}, M. and {Meyer}, S.~S. and {Tucker}, G.~S. and {Wollack}, E. and 
	{Wright}, E.~L.},
    title = "{Nine-year Wilkinson Microwave Anisotropy Probe (WMAP) Observations: Cosmological Parameter Results}",
  journal = {\apjs},
archivePrefix = "arXiv",
   eprint = {1212.5226},
 keywords = {cosmic background radiation, cosmology: observations, dark matter, early universe, instrumentation: detectors, space vehicles, space vehicles: instruments, telescopes },
     year = 2013,
    month = oct,
   volume = 208,
      eid = {19},
    pages = {19},
      doi = {10.1088/0067-0049/208/2/19},
   adsurl = {http://adsabs.harvard.edu/abs/2013ApJS..208...19H},
  adsnote = {Provided by the SAO/NASA Astrophysics Data System}
}





% moving sources
@ARTICLE{2012MNRAS.425..862G,
   author = {{Geringer-Sameth}, A. and {Koushiappas}, S.~M.},
    title = "{Detecting unresolved moving sources in a diffuse background}",
  journal = {\mnras},
archivePrefix = "arXiv",
   eprint = {1012.1873},
 primaryClass = "astro-ph.HE",
 keywords = {methods: statistical, surveys, Kuiper belt: general, minor planets, asteroids: general, dark matter, gamma rays: diffuse background },
     year = 2012,
    month = sep,
   volume = 425,
    pages = {862-877},
      doi = {10.1111/j.1365-2966.2012.21139.x},
   adsurl = {http://adsabs.harvard.edu/abs/2012MNRAS.425..862G},
  adsnote = {Provided by the SAO/NASA Astrophysics Data System}
}



@Article{Hunter:2007,
  Author    = {Hunter, J. D.},
  Title     = {Matplotlib: A 2D graphics environment},
  Journal   = {Computing In Science \& Engineering},
  Volume    = {9},
  Number    = {3},
  Pages     = {90--95},
  abstract  = {Matplotlib is a 2D graphics package used for Python
  for application development, interactive scripting, and
  publication-quality image generation across user
  interfaces and operating systems.},
  publisher = {IEEE COMPUTER SOC},
  doi = {10.1109/MCSE.2007.55},
  year      = 2007
}

@ARTICLE{2013A&A...558A..33A,
   author = {{Robitaille}, T.~P. and {Tollerud}, E.~J. and {Greenfield}, P. and others},
    title = "{Astropy: A community Python package for astronomy}",
  journal = {\aap},
archivePrefix = "arXiv",
   eprint = {1307.6212},
 primaryClass = "astro-ph.IM",
 keywords = {methods: data analysis, methods: miscellaneous, virtual observatory tools},
     year = 2013,
    month = oct,
   volume = 558,
      eid = {A33},
    pages = {A33},
      doi = {10.1051/0004-6361/201322068},
   adsurl = {http://adsabs.harvard.edu/abs/2013A%26A...558A..33A},
  adsnote = {Provided by the SAO/NASA Astrophysics Data System}
}
